<?xml version="1.0" encoding="UTF-8"?><collection xmlns="http://www.loc.gov/MARC21/slim"><record><leader>00394nam--2200133-i-4500</leader><controlfield tag="001">000021923</controlfield><controlfield tag="002">20161230</controlfield><controlfield tag="005">20161230201034</controlfield><controlfield tag="008">060222s1000------------r-----000-0-eng-d</controlfield><datafield ind1=" " ind2=" " tag="100"><subfield code="a">Hartough, H.D., Meisel, S.L</subfield></datafield><datafield ind1=" " ind2=" " tag="245"><subfield code="a">Compounds with condensed thiophene rings</subfield></datafield><datafield ind1=" " ind2=" " tag="260"><subfield code="a">New York, Intersciene Publishers, 1954. Xv + 515p</subfield></datafield><datafield ind1=" " ind2=" " tag="490"><subfield code="a">The Chemistry Of Heterocyclic Compounds</subfield></datafield><datafield ind1=" " ind2=" " tag="852"><subfield code="a">15649</subfield></datafield></record></collection>